@InProceedin{STDMA,
  author     = {Gaugel, Tristan and Mittag, Jens and Hartenstein, Hannes and Papanastasiou, Stylianos and Ström, Erik G.},
  booktitle  = {2013 IEEE Vehicular Networking Conference},
  title      = {In-depth analysis and evaluation of Self-organizing TDMA},
  year       = {2013},
  pages      = {79-86},
  comment    = {对STDMA的解释},
  doi        = {10.1109/VNC.2013.6737593},
  ranking    = {rank5},
  readstatus = {read},
}

@article{MAPF_Deadlock_Explain1,
  title={Multi-agent path finding--an overview},
  author={Stern, Roni},
  journal={Artificial Intelligence: 5th RAAI Summer School, Dolgoprudny, Russia, July 4--7, 2019, Tutorial Lectures},
  pages={96--115},
  year={2019},
  publisher={Springer}
}

@inproceedings{MAPF_Deadlock_Explain2,
  title={Multi-agent pathfinding: Definitions, variants, and benchmarks},
  author={Stern, Roni and Sturtevant, Nathan and Felner, Ariel and Koenig, Sven and Ma, Hang and Walker, Thayne and Li, Jiaoyang and Atzmon, Dor and Cohen, Liron and Kumar, TK and others},
  booktitle={Proceedings of the International Symposium on Combinatorial Search},
  volume={10},
  number={1},
  pages={151--158},
  year={2019}
}

@article{Paper_From_Supervisor,
  title={Scalable distributed model predictive control for constrained systems},
  author={Asadi, Elham Fatemeh and Richards, Arthur},
  journal={Automatica},
  volume={93},
  pages={407--414},
  year={2018},
  publisher={Elsevier}
}

@article{STDMA_characteristic,
  title={Understanding STDMA via computer simulation: feasibility to vehicular safety applications, configurations, and time synchronization errors},
  author={Lim, Jae-Han},
  journal={EURASIP Journal on Wireless Communications and Networking},
  volume={2016},
  pages={1--14},
  year={2016},
  publisher={Springer}
}

@article{Amazon_Kiva,
  title={Coordinating hundreds of cooperative, autonomous vehicles in warehouses},
  author={Wurman, Peter R and D'Andrea, Raffaello and Mountz, Mick},
  journal={AI magazine},
  volume={29},
  number={1},
  pages={9--9},
  year={2008}
}
@inproceedings{Warehouse_Automation1,
  title={Idle time optimization for target assignment and path finding in sortation centers},
  author={Kou, Ngai Meng and Peng, Cheng and Ma, Hang and Kumar, TK Satish and Koenig, Sven},
  booktitle={Proceedings of the AAAI Conference on Artificial Intelligence},
  volume={34},
  number={06},
  pages={9925--9932},
  year={2020}
}
@article{Warehouse_Automation2,
  title={Persistent and robust execution of MAPF schedules in warehouses},
  author={H{\"o}nig, Wolfgang and Kiesel, Scott and Tinka, Andrew and Durham, Joseph W and Ayanian, Nora},
  journal={IEEE Robotics and Automation Letters},
  volume={4},
  number={2},
  pages={1125--1131},
  year={2019},
  publisher={IEEE}
}

@article{Intersection_Management,
  title={A multiagent approach to autonomous intersection management},
  author={Dresner, Kurt and Stone, Peter},
  journal={Journal of artificial intelligence research},
  volume={31},
  pages={591--656},
  year={2008}
}

@inproceedings{Fork_Fleet1,
  title={A loosely-coupled approach for multi-robot coordination, motion planning and control},
  author={Pecora, Federico and Andreasson, Henrik and Mansouri, Masoumeh and Petkov, Vilian},
  booktitle={Proceedings of the International Conference on Automated Planning and Scheduling},
  volume={28},
  pages={485--493},
  year={2018}
}

@INPROCEEDINGS{Fork_Fleet2,
  author={Salvado, João and Krug, Robert and Mansouri, Masoumeh and Pecora, Fedorico},
  booktitle={2018 IEEE/RSJ International Conference on Intelligent Robots and Systems (IROS)}, 
  title={Motion Planning and Goal Assignment for Robot Fleets Using Trajectory Optimization}, 
  year={2018},
  volume={},
  number={},
  pages={7939-7946},
  doi={10.1109/IROS.2018.8594118}}

@article{Flocking_1,
  title={Flocking for multi-agent dynamic systems: Algorithms and theory},
  author={Olfati-Saber, Reza},
  journal={IEEE Transactions on automatic control},
  volume={51},
  number={3},
  pages={401--420},
  year={2006},
  publisher={IEEE}
}

@inproceedings{Flocking_2,
  title={Feasibility study: Moving non-homogeneous teams in congested video game environments},
  author={Ma, Hang and Yang, Jingxing and Cohen, Liron and Kumar, TK and Koenig, Sven},
  booktitle={Proceedings of the AAAI Conference on Artificial Intelligence and Interactive Digital Entertainment},
  volume={13},
  number={1},
  pages={270--272},
  year={2017}
}

@article{Swarm_Robotics,
  title={Trajectory planning for quadrotor swarms},
  author={H{\"o}nig, Wolfgang and Preiss, James A and Kumar, TK Satish and Sukhatme, Gaurav S and Ayanian, Nora},
  journal={IEEE Transactions on Robotics},
  volume={34},
  number={4},
  pages={856--869},
  year={2018},
  publisher={IEEE}
}

@inproceedings{Other_Multi1,
  title={Moving agents in formation in congested environments},
  author={Li, Jiaoyang and Sun, Kexuan and Ma, Hang and Felner, Ariel and Kumar, TK and Koenig, Sven},
  booktitle={Proceedings of the International Symposium on Combinatorial Search},
  volume={11},
  number={1},
  pages={131--132},
  year={2020}
}

@article{Industry_41,
  title={Industry 4.0},
  author={Lasi, Heiner and Fettke, Peter and Kemper, Hans-Georg and Feld, Thomas and Hoffmann, Michael},
  journal={Business \& information systems engineering},
  volume={6},
  pages={239--242},
  year={2014},
  publisher={Springer}
}

@article{Industry_42,
  title={Industry 4.0: smart scheduling},
  author={Rossit, Daniel Alejandro and Tohm{\'e}, Fernando and Frutos, Mariano},
  journal={International Journal of Production Research},
  volume={57},
  number={12},
  pages={3802--3813},
  year={2019},
  publisher={Taylor \& Francis}
}

@article{Industry_43,
  title={Automated guided vehicle systems, state-of-the-art control algorithms and techniques},
  author={De Ryck, Matthias and Versteyhe, Mark and Debrouwere, Frederik},
  journal={Journal of Manufacturing Systems},
  volume={54},
  pages={152--173},
  year={2020},
  publisher={Elsevier}
}

@INPROCEEDINGS{STDMA_2,
  author={Fernández, Zaloa and Val, Iñaki and Mendicute, Mikel and Uhlemann, Elisabeth},
  booktitle={2019 15th IEEE International Workshop on Factory Communication Systems (WFCS)}, 
  title={Analysis and Evaluation of Self-Organizing TDMA for Industrial Applications}, 
  year={2019},
  volume={},
  number={},
  pages={1-8},
  doi={10.1109/WFCS.2019.8758039}}

@article{STDMA_improv1,
  title={Distributed and adaptive reservation MAC protocol for beaconing in vehicular networks},
  author={Mosavat-Jahromi, Hamed and Li, Yue and Ni, Yuanzhi and Cai, Lin},
  journal={IEEE Transactions on Mobile Computing},
  volume={20},
  number={10},
  pages={2936--2948},
  year={2020},
  publisher={IEEE}
}

@inproceedings{STDMA_improv2,
  title={Harvest-then-transmit-based TDMA protocol with statistical channel state information for wireless powered sensor networks},
  author={Terauchi, Takeru and Suto, Katsuya and Wakaiki, Masashi},
  booktitle={2021 IEEE 93rd vehicular technology conference (VTC2021-Spring)},
  pages={1--5},
  year={2021},
  organization={IEEE}
}

@inproceedings{APF_improv1,
  title={Research on multi-robot local path planning based on improved artificial potential field method},
  author={Wang, Bo and Zhou, Kai and Qu, Junsuo},
  booktitle={Proceedings of the Fifth Euro-China Conference on Intelligent Data Analysis and Applications 5},
  pages={684--690},
  year={2019},
  organization={Springer}
}

@article{APF_improv2,
  title={Multi-robot path planning based on improved artificial potential field and fuzzy inference system},
  author={Zhao, Tao and Li, Haodong and Dian, Songyi},
  journal={Journal of Intelligent \& Fuzzy Systems},
  volume={39},
  number={5},
  pages={7621--7637},
  year={2020},
  publisher={IOS Press}
}

@article{APF_improv3,
  title={Integral reinforcement learning-based multi-robot minimum time-energy path planning subject to collision avoidance and unknown environmental disturbances},
  author={He, Chenyuan and Wan, Yan and Gu, Yixin and Lewis, Frank L},
  journal={IEEE Control Systems Letters},
  volume={5},
  number={3},
  pages={983--988},
  year={2020},
  publisher={IEEE}
}

@article{APF_improv4,
  title={Multi-agent path planning based on MPC and DDPG},
  author={Xue, Junxiao and Kong, Xiangyan and Dong, Bowei and Xu, Mingliang},
  journal={arXiv preprint arXiv:2102.13283},
  year={2021}
}

@article{D*,
  title={Prioritized planning algorithm for multi-robot collision avoidance based on artificial untraversable vertex},
  author={Li, Haodong and Zhao, Tao and Dian, Songyi},
  journal={Applied Intelligence},
  volume={52},
  number={1},
  pages={429--451},
  year={2022},
  publisher={Springer}
}


@article{A*_1,
  title={Prioritized planning algorithm for multi-robot collision avoidance based on artificial untraversable vertex},
  author={Li, Haodong and Zhao, Tao and Dian, Songyi},
  journal={Applied Intelligence},
  volume={52},
  number={1},
  pages={429--451},
  year={2022},
  publisher={Springer}
}

@article{A*_2,
  title={A bi-level path planning algorithm for multi-AGV routing problem},
  author={Yuan, Zhiheng and Yang, Zhengmao and Lv, Lingling and Shi, Yanjun},
  journal={Electronics},
  volume={9},
  number={9},
  pages={1351},
  year={2020},
  publisher={MDPI}
}

@article{RL_3,
  title={Distributed multi-robot collision avoidance via deep reinforcement learning for navigation in complex scenarios},
  author={Fan, Tingxiang and Long, Pinxin and Liu, Wenxi and Pan, Jia},
  journal={The International Journal of Robotics Research},
  volume={39},
  number={7},
  pages={856--892},
  year={2020},
  publisher={SAGE Publications Sage UK: London, England}
}

@article{RL_4,
  title={Distributed multi-robot collision avoidance via deep reinforcement learning for navigation in complex scenarios},
  author={Fan, Tingxiang and Long, Pinxin and Liu, Wenxi and Pan, Jia},
  journal={The International Journal of Robotics Research},
  volume={39},
  number={7},
  pages={856--892},
  year={2020},
  publisher={SAGE Publications Sage UK: London, England}
}

@article{RL_1,
  title={Attention-Based Communication and Control for Multi-UAV Path Planning},
  author={Shiri, Hamid and Seo, Hyowoon and Park, Jihong and Bennis, Mehdi},
  journal={IEEE Wireless Communications Letters},
  volume={11},
  number={7},
  pages={1409--1413},
  year={2022},
  publisher={IEEE}
}

@article{RL_2,
  title={A novel algorithm of Multi-AUVs task assignment and path planning based on biologically inspired neural network map},
  author={Zhu, Daqi and Zhou, Bei and Yang, Simon X},
  journal={IEEE Transactions on Intelligent Vehicles},
  volume={6},
  number={2},
  pages={333--342},
  year={2020},
  publisher={IEEE}
}

@inproceedings{PSO_1,
  title={Obstacle avoidance for multi-UAV path planning based on particle swarm optimization},
  author={Mobarez, EN and Sarhan, A and Ashry, MM},
  booktitle={IOP Conference Series: Materials Science and Engineering},
  volume={1172},
  number={1},
  pages={012039},
  year={2021},
  organization={IOP Publishing}
}

@article{PSO_2,
  title={Patrol robot path planning in nuclear power plant using an interval multi-objective particle swarm optimization algorithm},
  author={Chen, Zhihuan and Wu, Huaiyu and Chen, Yang and Cheng, Lei and Zhang, Binqiao},
  journal={Applied Soft Computing},
  volume={116},
  pages={108192},
  year={2022},
  publisher={Elsevier}
}

@article{GA_1,
  title={Path Planning for Multi-Vehicle-Assisted Multi-UAVs in Mobile Crowdsensing},
  author={Song, Jiancheng and Liu, Liang and Liu, Yulei and Xi, Jie and Zhai, Wenbin},
  journal={Wireless Communications and Mobile Computing},
  volume={2022},
  pages={1--21},
  year={2022},
  publisher={Hindawi Limited}
}

@article{GA_2,
  title={The boundary node method for multi-robot multi-goal path planning problems},
  author={Saeed, Raza Abdulla and Reforgiato Recupero, Diego and Remagnino, Paolo},
  journal={Expert Systems},
  volume={38},
  number={6},
  pages={e12691},
  year={2021},
  publisher={Wiley Online Library}
}

@article{AGO_1,
  title={Multi-AGVs path planning based on improved ant colony algorithm},
  author={Yi, Guohong and Feng, Zhili and Mei, Tiancan and Li, Pushan and Jin, Wang and Chen, Siyuan},
  journal={The Journal of Supercomputing},
  volume={75},
  pages={5898--5913},
  year={2019},
  publisher={Springer}
}

@article{AGO_2,
  title={Modified continuous ant colony optimisation for multiple unmanned ground vehicle path planning},
  author={Liu, Jing and Anavatti, Sreenatha and Garratt, Matthew and Abbass, Hussein A},
  journal={Expert Systems with Applications},
  volume={196},
  pages={116605},
  year={2022},
  publisher={Elsevier}
}

@article{PIO_1,
  title={Social-class pigeon-inspired optimization and time stamp segmentation for multi-UAV cooperative path planning},
  author={Zhang, Daifeng and Duan, Haibin},
  journal={Neurocomputing},
  volume={313},
  pages={229--246},
  year={2018},
  publisher={Elsevier}
}

@article{PIO_2,
  title={A Cauchy mutant pigeon-inspired optimization--based multi-unmanned aerial vehicle path planning method},
  author={Wang, Bo Hang and Wang, Dao Bo and Ali, Zain Anwar},
  journal={Measurement and Control},
  volume={53},
  number={1-2},
  pages={83--92},
  year={2020},
  publisher={SAGE Publications Sage UK: London, England}
}

@article{GWO,
  title={Grey wolf optimizer},
  author={Mirjalili, Seyedali and Mirjalili, Seyed Mohammad and Lewis, Andrew},
  journal={Advances in engineering software},
  volume={69},
  pages={46--61},
  year={2014},
  publisher={Elsevier}
}

@article{GWO_1,
  title={A Hybrid Path Planning and Formation Control Strategy of Multi-Robots in a Dynamic Environment},
  author={Zhou, Meng and Wang, Zihao and Wang, Jing and Dong, Zhe},
  journal={Journal of Advanced Computational Intelligence and Intelligent Informatics},
  volume={26},
  number={3},
  pages={342--354},
  year={2022},
  publisher={Fuji Technology Press Ltd.}
}

@article{GWO_2,
  title={A novel hybrid discrete grey wolf optimizer algorithm for multi-UAV path planning},
  author={Huang, Gewen and Cai, Yanguang and Liu, Jianqi and Qi, Yuanhang and Liu, Xiaozhou},
  journal={Journal of Intelligent \& Robotic Systems},
  volume={103},
  pages={1--18},
  year={2021},
  publisher={Springer}
}

@inproceedings{Push_and_Swap,
  title={Push and swap: Fast cooperative path-finding with completeness guarantees},
  author={Luna, Ryan and Bekris, Kostas E},
  booktitle={IJCAI},
  pages={294--300},
  year={2011}
}

@INPROCEEDINGS{PaS_1,
  author={Kulich, Miroslav and Novák, Tomáš and Přeucil, Libor},
  booktitle={2019 IEEE Intelligent Transportation Systems Conference (ITSC)}, 
  title={Push, Stop, and Replan: An Application of Pebble Motion on Graphs to Planning in Automated Warehouses}, 
  year={2019},
  volume={},
  number={},
  pages={4456-4463},
  doi={10.1109/ITSC.2019.8916906}}

@ARTICLE{PaS_2,
  author={Wang, Hanlin and Rubenstein, Michael},
  journal={IEEE Robotics and Automation Letters}, 
  title={Walk, Stop, Count, and Swap: Decentralized Multi-Agent Path Finding With Theoretical Guarantees}, 
  year={2020},
  volume={5},
  number={2},
  pages={1119-1126},
  doi={10.1109/LRA.2020.2967317}}
